date,Revenue,Cost Of Goods Sold,Gross Profit,Research And Development Expenses,SG&A Expenses,Other Operating Income Or Expenses,Operating Expenses,Operating Income,Total Non-Operating Income/Expense,Pre-Tax Income,Income Taxes,Income After Taxes,Other Income,Income From Continuous Operations,Income From Discontinued Operations,Net Income,EBITDA,EBIT,Basic Shares Outstanding,Shares Outstanding,Basic EPS,EPS - Earnings Per Share,ticker
2021-03-31,3445.00000,1858.00000,1587.00000,610.00000,319.00000,4.00000,2783.00000,662.00000,-20.00000,642.00000,89.00000,553.00000,,555.00000,,555.00000,771.00000,662.00000,1213.00000,1231.00000,0.46000,0.45000,AMD
2020-12-31,3244.00000,1793.00000,1451.00000,573.00000,308.00000,,2674.00000,570.00000,-24.00000,546.00000,-1232.00000,1778.00000,,1781.00000,,1781.00000,673.00000,570.00000,1184.00000,1207.00000,1.50000,1.47000,AMD
2020-09-30,2801.00000,1571.00000,1230.00000,508.00000,273.00000,,2352.00000,449.00000,-48.00000,401.00000,12.00000,389.00000,,390.00000,,390.00000,546.00000,449.00000,1184.00000,1215.00000,0.33000,0.32000,AMD
2020-06-30,1932.00000,1084.00000,848.00000,460.00000,215.00000,,1759.00000,173.00000,-13.00000,160.00000,4.00000,156.00000,,157.00000,,157.00000,259.00000,173.00000,1174.00000,1227.00000,0.13000,0.13000,AMD
2020-03-31,1786.00000,968.00000,818.00000,442.00000,199.00000,,1609.00000,177.00000,-9.00000,168.00000,6.00000,162.00000,,162.00000,,162.00000,259.00000,177.00000,1170.00000,1224.00000,0.14000,0.14000,AMD
2019-12-31,2127.00000,1178.00000,949.00000,395.00000,206.00000,,1779.00000,348.00000,-143.00000,205.00000,35.00000,170.00000,,170.00000,,170.00000,426.00000,348.00000,1091.00000,1120.00000,0.16000,0.15000,AMD
2019-09-30,1801.00000,1024.00000,777.00000,406.00000,185.00000,,1615.00000,186.00000,-60.00000,126.00000,7.00000,119.00000,,120.00000,,120.00000,262.00000,186.00000,1097.00000,1117.00000,0.11000,0.11000,AMD
2019-06-30,1531.00000,910.00000,621.00000,373.00000,189.00000,,1472.00000,59.00000,-22.00000,37.00000,2.00000,35.00000,,35.00000,,35.00000,129.00000,59.00000,1084.00000,1109.00000,0.03000,0.03000,AMD
2019-03-31,1272.00000,751.00000,521.00000,373.00000,170.00000,60.00000,1234.00000,38.00000,-34.00000,4.00000,-13.00000,17.00000,,16.00000,,16.00000,102.00000,38.00000,1044.00000,1094.00000,0.01000,0.01000,AMD
2018-12-31,1419.00000,882.00000,537.00000,371.00000,138.00000,,1391.00000,28.00000,-25.00000,3.00000,-35.00000,38.00000,,38.00000,,38.00000,80.00000,28.00000,982.00000,1064.00000,0.04000,0.04000,AMD
2018-09-30,1653.00000,992.00000,661.00000,363.00000,148.00000,,1503.00000,150.00000,-36.00000,114.00000,12.00000,102.00000,,102.00000,,102.00000,200.00000,150.00000,987.00000,1076.00000,0.10000,0.09000,AMD
2018-06-30,1756.00000,1104.00000,652.00000,357.00000,142.00000,,1603.00000,153.00000,-30.00000,123.00000,6.00000,117.00000,,116.00000,,116.00000,205.00000,153.00000,972.00000,1147.00000,0.12000,0.11000,AMD
2018-03-31,1647.00000,1050.00000,597.00000,343.00000,134.00000,,1527.00000,120.00000,-30.00000,90.00000,8.00000,82.00000,,81.00000,,81.00000,174.00000,120.00000,968.00000,1039.00000,0.08000,0.08000,AMD
2017-12-31,1340.00000,888.00000,452.00000,320.00000,134.00000,,1342.00000,-2.00000,-29.00000,-31.00000,-12.00000,-19.00000,,-19.00000,,-19.00000,46.00000,-2.00000,952.00000,952.00000,-0.01000,-0.01000,AMD
2017-09-30,1584.00000,1013.00000,571.00000,320.00000,132.00000,,1465.00000,119.00000,-34.00000,85.00000,22.00000,63.00000,,61.00000,,61.00000,164.00000,119.00000,957.00000,1042.00000,0.06000,0.06000,AMD
2017-06-30,1151.00000,765.00000,386.00000,285.00000,127.00000,25.00000,1152.00000,-1.00000,-35.00000,-36.00000,3.00000,-39.00000,,-42.00000,,-42.00000,43.00000,-1.00000,945.00000,945.00000,-0.04000,-0.04000,AMD
2017-03-31,1178.00000,800.00000,378.00000,271.00000,123.00000,27.00000,1167.00000,11.00000,-37.00000,-26.00000,5.00000,-31.00000,,-33.00000,,-33.00000,54.00000,11.00000,939.00000,939.00000,-0.04000,-0.04000,AMD
2016-12-31,1153.00000,797.00000,356.00000,264.00000,127.00000,31.00000,1157.00000,-4.00000,-41.00000,-45.00000,5.00000,-50.00000,,-52.00000,,-52.00000,51.00000,-4.00000,835.00000,835.00000,-0.05000,-0.04000,AMD
2016-09-30,1307.00000,1248.00000,59.00000,259.00000,117.00000,24.00000,1600.00000,-293.00000,-104.00000,-397.00000,4.00000,-401.00000,,-406.00000,,-406.00000,-260.00000,-293.00000,815.00000,815.00000,-0.50000,-0.50000,AMD
2016-06-30,1027.00000,708.00000,319.00000,243.00000,117.00000,26.00000,1035.00000,-8.00000,109.00000,101.00000,29.00000,72.00000,,69.00000,,69.00000,25.00000,-8.00000,794.00000,821.00000,0.09000,0.08000,AMD
2016-03-31,832.00000,563.00000,269.00000,242.00000,105.00000,7.00000,900.00000,-68.00000,-40.00000,-108.00000,1.00000,-109.00000,,-109.00000,,-109.00000,-35.00000,-68.00000,793.00000,793.00000,-0.14000,-0.14000,AMD
2015-12-31,958.00000,675.00000,283.00000,229.00000,109.00000,,1007.00000,-49.00000,-43.00000,-92.00000,10.00000,-102.00000,,-102.00000,,-102.00000,-4.00000,-49.00000,783.00000,783.00000,-0.13000,-0.13000,AMD
2015-09-30,1061.00000,822.00000,239.00000,241.00000,108.00000,,1219.00000,-158.00000,-39.00000,-197.00000,,-197.00000,,-197.00000,,-197.00000,-116.00000,-158.00000,785.00000,785.00000,-0.25000,-0.25000,AMD
2015-06-30,942.00000,710.00000,232.00000,235.00000,134.00000,,1079.00000,-137.00000,-43.00000,-180.00000,1.00000,-181.00000,,-181.00000,,-181.00000,-92.00000,-137.00000,778.00000,778.00000,-0.23000,-0.23000,AMD
2015-03-31,1030.00000,704.00000,326.00000,242.00000,131.00000,,1167.00000,-137.00000,-40.00000,-177.00000,3.00000,-180.00000,,-180.00000,,-180.00000,-91.00000,-137.00000,777.00000,777.00000,-0.23000,-0.23000,AMD
2014-12-31,1239.00000,879.00000,360.00000,238.00000,144.00000,,1569.00000,-330.00000,-37.00000,-367.00000,-3.00000,-364.00000,,-364.00000,,-364.00000,-282.00000,-330.00000,768.00000,768.00000,-0.47000,-0.47000,AMD
2014-09-30,1429.00000,935.00000,494.00000,278.00000,150.00000,,1366.00000,63.00000,-44.00000,19.00000,2.00000,17.00000,,17.00000,,17.00000,112.00000,63.00000,770.00000,785.00000,0.02000,0.02000,AMD
2014-06-30,1441.00000,943.00000,498.00000,277.00000,154.00000,,1378.00000,63.00000,-95.00000,-32.00000,4.00000,-36.00000,,-36.00000,,-36.00000,116.00000,63.00000,764.00000,764.00000,-0.05000,-0.05000,AMD
2014-03-31,1397.00000,910.00000,487.00000,279.00000,156.00000,,1348.00000,49.00000,-67.00000,-18.00000,2.00000,-20.00000,,-20.00000,,-20.00000,102.00000,49.00000,761.00000,761.00000,-0.03000,-0.03000,AMD
2013-12-31,1589.00000,1036.00000,553.00000,293.00000,169.00000,,1454.00000,135.00000,-45.00000,90.00000,1.00000,89.00000,,89.00000,,89.00000,189.00000,135.00000,754.00000,754.00000,0.12000,0.12000,AMD
2013-09-30,1461.00000,940.00000,521.00000,288.00000,155.00000,,1366.00000,95.00000,-44.00000,51.00000,3.00000,48.00000,,48.00000,,48.00000,152.00000,95.00000,757.00000,764.00000,0.06000,0.06000,AMD
2013-06-30,1161.00000,702.00000,459.00000,308.00000,171.00000,,1190.00000,-29.00000,-42.00000,-71.00000,3.00000,-74.00000,,-74.00000,,-74.00000,30.00000,-29.00000,752.00000,752.00000,-0.10000,-0.10000,AMD
2013-03-31,1088.00000,643.00000,445.00000,312.00000,179.00000,,1186.00000,-98.00000,-46.00000,-144.00000,2.00000,-146.00000,,-146.00000,,-146.00000,-32.00000,-98.00000,749.00000,749.00000,-0.19000,-0.19000,AMD
2012-12-31,1155.00000,977.00000,178.00000,313.00000,193.00000,,1577.00000,-422.00000,-47.00000,-469.00000,4.00000,-473.00000,,-473.00000,,-473.00000,-356.00000,-422.00000,741.00000,741.00000,-0.64000,-0.64000,AMD
2012-09-30,1269.00000,877.00000,392.00000,328.00000,188.00000,,1400.00000,-131.00000,-26.00000,-157.00000,,-157.00000,,-157.00000,,-157.00000,-65.00000,-131.00000,745.00000,745.00000,-0.21000,-0.21000,AMD
2012-06-30,1413.00000,775.00000,638.00000,345.00000,212.00000,,1336.00000,77.00000,-46.00000,31.00000,-6.00000,37.00000,,37.00000,,37.00000,142.00000,77.00000,739.00000,755.00000,0.05000,0.05000,AMD
2012-03-31,1585.00000,1558.00000,27.00000,368.00000,230.00000,,2165.00000,-580.00000,-42.00000,-622.00000,-32.00000,-590.00000,,-590.00000,,-590.00000,-517.00000,-580.00000,734.00000,734.00000,-0.80000,-0.80000,AMD
2011-12-31,1691.00000,918.00000,773.00000,358.00000,243.00000,,1620.00000,71.00000,-248.00000,-177.00000,-4.00000,-173.00000,,-173.00000,,-177.00000,141.00000,71.00000,727.00000,742.00000,-0.24000,-0.23000,AMD
2011-09-30,1690.00000,934.00000,756.00000,361.00000,249.00000,,1552.00000,138.00000,-46.00000,92.00000,-5.00000,97.00000,,97.00000,,97.00000,217.00000,138.00000,729.00000,741.00000,0.13000,0.13000,AMD
2011-06-30,1574.00000,854.00000,720.00000,367.00000,239.00000,,1469.00000,105.00000,-41.00000,64.00000,3.00000,61.00000,,61.00000,,61.00000,185.00000,105.00000,724.00000,743.00000,0.08000,0.08000,AMD
2011-03-31,1613.00000,922.00000,691.00000,367.00000,261.00000,,1559.00000,54.00000,-34.00000,20.00000,2.00000,18.00000,,510.00000,,510.00000,142.00000,54.00000,720.00000,764.00000,0.71000,0.68000,AMD
2010-12-31,1649.00000,906.00000,743.00000,352.00000,250.00000,,1236.00000,413.00000,-23.00000,390.00000,42.00000,348.00000,,375.00000,,375.00000,502.00000,413.00000,711.00000,733.00000,0.53000,0.52000,AMD
2010-09-30,1618.00000,879.00000,739.00000,359.00000,236.00000,,1490.00000,128.00000,-59.00000,69.00000,1.00000,68.00000,,-118.00000,,-118.00000,222.00000,128.00000,713.00000,713.00000,-0.17000,-0.17000,AMD
2010-06-30,1653.00000,915.00000,738.00000,371.00000,229.00000,,1528.00000,125.00000,-53.00000,72.00000,-5.00000,77.00000,,-43.00000,,-43.00000,225.00000,125.00000,709.00000,709.00000,-0.06000,-0.06000,AMD
2010-03-31,1574.00000,833.00000,741.00000,323.00000,219.00000,,1392.00000,182.00000,258.00000,440.00000,,440.00000,,257.00000,,257.00000,282.00000,182.00000,707.00000,754.00000,0.36000,0.35000,AMD
2009-12-31,1646.00000,911.00000,735.00000,432.00000,239.00000,,358.00000,1288.00000,-97.00000,1191.00000,11.00000,1180.00000,,1180.00000,,1178.00000,1540.00000,1288.00000,673.00000,678.00000,1.79000,1.78000,AMD
2009-09-30,1396.00000,811.00000,585.00000,420.00000,221.00000,,1473.00000,-77.00000,-63.00000,-140.00000,-5.00000,-135.00000,,-135.00000,,-128.00000,180.00000,-77.00000,694.00000,694.00000,-0.18000,-0.18000,AMD
2009-06-30,1184.00000,743.00000,441.00000,425.00000,247.00000,,1433.00000,-249.00000,-96.00000,-345.00000,-10.00000,-335.00000,,-335.00000,,-330.00000,6.00000,-249.00000,667.00000,667.00000,-0.49000,-0.49000,AMD
2009-03-31,1177.00000,666.00000,511.00000,444.00000,287.00000,,1475.00000,-298.00000,,-298.00000,116.00000,-414.00000,,-414.00000,,-416.00000,-44.00000,-298.00000,626.00000,626.00000,-0.66000,-0.66000,AMD
2008-12-31,1162.00000,890.00000,272.00000,465.00000,317.00000,,2436.00000,-1274.00000,-77.00000,-1351.00000,69.00000,-1420.00000,,-1420.00000,-10.00000,-1436.00000,-322.00000,-1274.00000,607.00000,607.00000,-2.36000,-2.36000,AMD
2008-09-30,1797.00000,881.00000,916.00000,438.00000,315.00000,,1675.00000,122.00000,-100.00000,22.00000,-1.00000,23.00000,,23.00000,-150.00000,-134.00000,516.00000,122.00000,608.00000,608.00000,-0.22000,-0.22000,AMD
2008-06-30,1362.00000,851.00000,511.00000,467.00000,335.00000,193.00000,1931.00000,-569.00000,-125.00000,-694.00000,,-694.00000,,-694.00000,-494.00000,-1195.00000,593.00000,-569.00000,607.00000,607.00000,-1.97000,-1.97000,AMD
2008-03-31,1487.00000,866.00000,621.00000,478.00000,337.00000,,1721.00000,-234.00000,-87.00000,-321.00000,,-321.00000,,-321.00000,-30.00000,-364.00000,61.00000,-234.00000,606.00000,606.00000,-0.60000,-0.60000,AMD
2007-12-31,1758.00000,990.00000,768.00000,470.00000,323.00000,,2987.00000,-1229.00000,-89.00000,-1318.00000,-40.00000,-1278.00000,,-1322.00000,-430.00000,-1787.00000,670.00000,-1229.00000,558.00000,558.00000,-3.17000,-3.17000,AMD
2007-09-30,1558.00000,923.00000,635.00000,431.00000,346.00000,,1739.00000,-181.00000,-143.00000,-324.00000,20.00000,-344.00000,,-344.00000,-52.00000,-396.00000,106.00000,-181.00000,554.00000,554.00000,-0.71000,-0.71000,AMD
2007-06-30,1309.00000,870.00000,439.00000,438.00000,356.00000,,1705.00000,-396.00000,-111.00000,-507.00000,24.00000,-531.00000,,-531.00000,-69.00000,-600.00000,-150.00000,-396.00000,552.00000,552.00000,-1.09000,-1.09000,AMD
2007-03-31,1233.00000,886.00000,347.00000,432.00000,335.00000,,1737.00000,-504.00000,-84.00000,-588.00000,23.00000,-611.00000,,-611.00000,,-611.00000,-190.00000,-504.00000,549.00000,549.00000,-1.11000,-1.11000,AMD
2006-12-31,1751.00000,1109.00000,642.00000,370.00000,294.00000,,2250.00000,-499.00000,17.00000,-482.00000,-9.00000,-473.00000,,-546.00000,,-576.00000,-380.00000,-499.00000,492.00000,492.00000,-1.20000,-1.17000,AMD
2006-09-30,1328.00000,645.00000,683.00000,277.00000,279.00000,,1207.00000,121.00000,-6.00000,115.00000,-21.00000,136.00000,,136.00000,,136.00000,322.00000,121.00000,486.00000,497.00000,0.28000,0.27000,AMD
2006-06-30,1216.00000,526.00000,690.00000,279.00000,309.00000,,1114.00000,102.00000,5.00000,107.00000,18.00000,89.00000,,89.00000,,89.00000,294.00000,102.00000,485.00000,500.00000,0.18000,0.18000,AMD
2006-03-31,1332.00000,553.00000,779.00000,264.00000,256.00000,,1073.00000,259.00000,-39.00000,220.00000,35.00000,185.00000,,185.00000,,185.00000,433.00000,259.00000,464.00000,495.00000,0.40000,0.38000,AMD
2005-12-31,1838.69900,986.33610,852.36300,329.27590,317.02700,,1632.63900,206.06020,-83.74500,122.31500,-1.64200,123.95700,,95.10400,,95.10400,388.97420,206.05990,400.00000,441.00000,0.23000,0.23000,AMD
2005-09-30,1522.75500,896.26100,626.49400,289.01800,258.74800,,1444.02700,78.72790,-3.33400,75.39400,-0.60600,76.00000,,76.00000,,76.00000,369.47790,78.72790,399.02500,443.68100,0.19000,0.18000,AMD
2005-06-30,1259.91800,765.95400,493.96400,272.58400,228.51100,,1267.04900,-7.13100,15.35000,8.21900,-3.10000,11.31900,,11.31900,,11.31900,311.32400,-7.13100,395.41400,405.73900,0.03000,0.03000,AMD
2005-03-31,1226.62800,807.44900,419.17910,253.12200,211.71400,,1272.28500,-45.65690,-20.27100,-65.92800,-1.65200,-64.27600,,-17.42300,,-17.42300,287.22410,-45.65690,393.07700,393.07700,-0.04000,-0.04000,AMD
2021-01-31,5003.00000,1846.00000,3157.00000,1145.00000,505.00000,,3496.00000,1507.00000,-36.00000,1471.00000,14.00000,1457.00000,,1457.00000,,1457.00000,1795.00000,1507.00000,617.00000,628.00000,2.36000,2.32000,NVDA
2020-10-31,4726.00000,1766.00000,2960.00000,1047.00000,515.00000,,3328.00000,1398.00000,-50.00000,1348.00000,12.00000,1336.00000,,1336.00000,,1336.00000,1697.00000,1398.00000,618.00000,630.00000,2.16000,2.12000,NVDA
2020-07-31,3866.00000,1591.00000,2275.00000,997.00000,627.00000,,3215.00000,651.00000,-42.00000,609.00000,-13.00000,622.00000,,622.00000,,622.00000,1055.00000,651.00000,616.00000,626.00000,1.01000,0.99000,NVDA
2020-04-30,3080.00000,1076.00000,2004.00000,735.00000,293.00000,,2104.00000,976.00000,5.00000,981.00000,64.00000,917.00000,,917.00000,,917.00000,1083.00000,976.00000,614.00000,622.00000,1.49000,1.47000,NVDA
2020-01-31,3105.00000,1090.00000,2015.00000,739.00000,286.00000,,2115.00000,990.00000,26.00000,1016.00000,65.00000,951.00000,,951.00000,,951.00000,1096.00000,990.00000,609.00000,618.00000,1.56000,1.53000,NVDA
2019-10-31,3014.00000,1098.00000,1916.00000,712.00000,277.00000,,2087.00000,927.00000,32.00000,959.00000,60.00000,899.00000,,899.00000,,899.00000,1019.00000,927.00000,610.00000,618.00000,1.47000,1.45000,NVDA
2019-07-31,2579.00000,1038.00000,1541.00000,704.00000,266.00000,,2008.00000,571.00000,35.00000,606.00000,54.00000,552.00000,,552.00000,,552.00000,663.00000,571.00000,609.00000,616.00000,0.91000,0.90000,NVDA
2019-04-30,2220.00000,924.00000,1296.00000,674.00000,264.00000,,1862.00000,358.00000,31.00000,389.00000,-5.00000,394.00000,,394.00000,,394.00000,449.00000,358.00000,607.00000,616.00000,0.65000,0.64000,NVDA
2019-01-31,2205.00000,998.00000,1207.00000,648.00000,265.00000,,1911.00000,294.00000,30.00000,324.00000,-242.00000,566.00000,,566.00000,,566.00000,372.00000,294.00000,608.00000,625.00000,0.93000,0.92000,NVDA
2018-10-31,3181.00000,1260.00000,1921.00000,605.00000,258.00000,,2123.00000,1058.00000,23.00000,1081.00000,-149.00000,1230.00000,,1230.00000,,1230.00000,1126.00000,1058.00000,609.00000,625.00000,2.02000,1.97000,NVDA
2018-07-31,3123.00000,1148.00000,1975.00000,581.00000,237.00000,,1966.00000,1157.00000,23.00000,1180.00000,79.00000,1101.00000,,1101.00000,,1101.00000,1216.00000,1157.00000,607.00000,626.00000,1.81000,1.76000,NVDA
2018-04-30,3207.00000,1139.00000,2068.00000,542.00000,231.00000,,1912.00000,1295.00000,16.00000,1311.00000,67.00000,1244.00000,,1244.00000,,1244.00000,1352.00000,1295.00000,606.00000,627.00000,2.05000,1.98000,NVDA
2018-01-31,2911.00000,1110.00000,1801.00000,508.00000,220.00000,,1838.00000,1073.00000,7.00000,1080.00000,-39.00000,1119.00000,,1119.00000,,1119.00000,1127.00000,1073.00000,599.00000,632.00000,1.86000,1.78000,NVDA
2017-10-31,2636.00000,1067.00000,1569.00000,462.00000,212.00000,,1741.00000,895.00000,1.00000,896.00000,58.00000,838.00000,,838.00000,,838.00000,944.00000,895.00000,603.00000,628.00000,1.39000,1.33000,NVDA
2017-07-31,2230.00000,928.00000,1302.00000,416.00000,198.00000,,1542.00000,688.00000,-4.00000,684.00000,101.00000,583.00000,,583.00000,,583.00000,737.00000,688.00000,597.00000,633.00000,0.98000,0.92000,NVDA
2017-04-30,1937.00000,787.00000,1150.00000,411.00000,185.00000,,1383.00000,554.00000,-18.00000,536.00000,29.00000,507.00000,,507.00000,,507.00000,601.00000,554.00000,592.00000,641.00000,0.86000,0.79000,NVDA
2017-01-31,2173.00000,870.00000,1303.00000,394.00000,176.00000,,1440.00000,733.00000,-7.00000,726.00000,71.00000,655.00000,,655.00000,,655.00000,760.00000,733.00000,541.00000,649.00000,1.19000,0.98000,NVDA
2016-10-31,2004.00000,821.00000,1183.00000,373.00000,171.00000,,1365.00000,639.00000,-18.00000,621.00000,79.00000,542.00000,,542.00000,,542.00000,693.00000,639.00000,538.00000,653.00000,1.01000,0.83000,NVDA
2016-07-31,1428.00000,602.00000,826.00000,350.00000,157.00000,,1111.00000,317.00000,,317.00000,56.00000,261.00000,,261.00000,,261.00000,370.00000,317.00000,534.00000,634.00000,0.49000,0.41000,NVDA
2016-04-30,1305.00000,554.00000,751.00000,346.00000,159.00000,,1060.00000,245.00000,-4.00000,241.00000,33.00000,208.00000,,208.00000,,208.00000,298.00000,245.00000,537.00000,599.00000,0.39000,0.35000,NVDA
2016-01-31,1401.00000,611.00000,790.00000,343.00000,163.00000,,1151.00000,250.00000,4.00000,254.00000,46.00000,208.00000,,208.00000,,208.00000,303.00000,250.00000,543.00000,569.00000,0.39000,0.35000,NVDA
2015-10-31,1305.00000,571.00000,734.00000,329.00000,152.00000,,1060.00000,245.00000,,245.00000,-1.00000,246.00000,,246.00000,,246.00000,301.00000,245.00000,542.00000,565.00000,0.45000,0.44000,NVDA
2015-07-31,1153.00000,519.00000,634.00000,320.00000,149.00000,,1077.00000,76.00000,-4.00000,72.00000,46.00000,26.00000,,26.00000,,26.00000,132.00000,76.00000,541.00000,556.00000,0.05000,0.05000,NVDA
2015-04-30,1151.00000,498.00000,653.00000,339.00000,138.00000,,975.00000,176.00000,-4.00000,172.00000,38.00000,134.00000,,134.00000,,134.00000,237.00000,176.00000,549.00000,568.00000,0.24000,0.24000,NVDA
2015-01-31,1251.00000,551.00000,700.00000,349.00000,119.00000,,1019.00000,232.00000,-4.00000,228.00000,35.00000,193.00000,,193.00000,,193.00000,293.00000,232.00000,552.00000,563.00000,0.35000,0.35000,NVDA
2014-10-31,1225.00000,549.00000,676.00000,340.00000,123.00000,,1012.00000,213.00000,-4.00000,209.00000,36.00000,173.00000,,173.00000,,173.00000,275.00000,213.00000,548.00000,558.00000,0.32000,0.31000,NVDA
2014-07-31,1103.00000,484.00000,619.00000,337.00000,119.00000,,940.00000,163.00000,-8.00000,155.00000,27.00000,128.00000,,128.00000,,128.00000,226.00000,163.00000,558.00000,571.00000,0.23000,0.22000,NVDA
2014-04-30,1103.00000,499.00000,604.00000,334.00000,119.00000,,952.00000,151.00000,12.00000,163.00000,26.00000,137.00000,,137.00000,,137.00000,213.00000,151.00000,559.00000,570.00000,0.24000,0.24000,NVDA
2014-01-31,1144.05600,524.57700,619.47890,336.80700,115.97500,,977.35900,166.69690,1.93700,168.63400,21.70700,146.92700,,146.92700,,146.92700,226.38690,166.69700,588.00000,595.00000,0.26000,0.25000,NVDA
2013-10-31,1053.96700,469.55200,584.41500,340.29400,103.13300,,912.97900,140.98800,0.49600,141.48400,22.75000,118.73400,,118.73400,,118.73400,203.71400,140.98800,580.87000,588.75200,0.20000,0.20000,NVDA
2013-07-31,977.23800,431.70000,545.53800,331.73800,108.26600,,871.70400,105.53400,6.28600,111.82000,15.37200,96.44800,,96.44800,,96.44800,167.37400,105.53400,585.34500,592.00600,0.16000,0.16000,NVDA
2013-04-30,954.73900,436.17100,518.56800,327.16100,108.62600,,871.95800,82.78100,5.28100,88.06200,10.17100,77.89100,,77.89100,,77.89100,142.52500,82.78100,616.87200,619.30200,0.13000,0.13000,NVDA
2013-01-31,1106.90200,521.29990,585.60250,298.00700,104.02200,,923.32890,183.57350,2.53500,186.10800,12.13500,173.97300,,173.97300,,173.97300,241.97450,183.57330,619.32400,624.95700,0.28000,0.28000,NVDA
2012-10-31,1204.11000,567.45200,636.65800,284.18000,100.26100,,951.89300,252.21700,1.41100,253.62800,44.54800,209.08000,,209.08000,,209.08000,309.36500,252.21700,622.35200,628.84500,0.34000,0.33000,NVDA
2012-07-31,1044.27000,503.55100,540.71900,281.19300,119.90300,,904.64700,139.62300,5.58500,145.20800,26.16200,119.04600,,119.04600,,119.04600,195.81800,139.62300,618.99600,623.14300,0.19000,0.19000,NVDA
2012-04-30,924.87700,461.51300,463.36400,283.90200,106.63600,,852.05100,72.82600,4.26900,77.09500,16.65800,60.43700,,60.43700,,60.43700,127.31700,72.82600,615.78000,623.78600,0.10000,0.10000,NVDA
2012-01-31,953.19390,463.18090,490.01300,266.86200,100.83400,,830.87700,122.31700,2.26000,124.57700,8.55200,116.02500,,116.02500,,116.02500,174.21200,122.31670,603.64600,616.37100,0.19000,0.18000,NVDA
2011-10-31,1066.18000,509.46300,556.71700,256.49800,103.12900,,869.09000,197.09010,7.69700,204.78700,26.51400,178.27300,,178.27300,,178.27300,249.47710,197.09010,607.06300,613.56000,0.29000,0.29000,NVDA
2011-07-31,1016.51700,491.23300,525.28410,247.72100,103.53300,,842.48700,174.03000,3.51700,177.54700,25.97400,151.57300,,151.57300,,151.57300,226.18900,174.03000,601.34000,613.93400,0.25000,0.25000,NVDA
2011-04-30,962.03900,477.53600,484.50300,231.52400,98.11700,,807.17700,154.86200,1.62300,156.48500,21.26600,135.21900,,135.21900,,135.21900,202.62600,154.86200,594.80200,613.47400,0.23000,0.22000,NVDA
2011-01-31,886.37600,460.01700,426.35890,215.56300,88.01800,,706.59810,179.77780,6.12800,185.90600,14.25500,171.65100,,171.65100,,171.65100,226.17080,179.77810,575.17700,588.68400,0.30000,0.30000,NVDA
2010-10-31,843.91200,451.85000,392.06200,204.52700,83.75200,,740.12900,103.78300,-0.19800,103.58500,18.72300,84.86200,,84.86200,,84.86200,150.65900,103.78300,577.32300,582.64800,0.15000,0.15000,NVDA
2010-07-31,811.20800,676.91600,134.29200,210.63500,98.86400,,986.41500,-175.20700,6.16000,-169.04700,-28.08600,-140.96100,,-140.96100,,-140.96100,-128.63400,-175.20700,572.76400,572.76400,-0.25000,-0.25000,NVDA
2010-04-30,1001.81300,545.43600,456.37700,218.10500,90.87900,,854.41990,147.39310,3.33200,150.72500,13.13100,137.59400,,137.59400,,137.59400,194.54010,147.39310,567.18300,590.99700,0.24000,0.23000,NVDA
2010-01-31,982.48800,543.76700,438.72100,216.25100,88.18800,,848.20630,134.28170,5.13900,139.42100,8.34500,131.07600,,131.07600,,131.07600,182.19570,134.28190,549.57400,549.57400,0.24000,0.25000,NVDA
2009-10-31,903.20600,511.42300,391.78300,197.94800,85.99000,,795.36100,107.84500,2.36200,110.20700,2.63000,107.57700,,107.57700,,107.57700,156.61500,107.84500,551.28300,574.38100,0.20000,0.19000,NVDA
2009-07-31,776.52000,619.79700,156.72300,192.85500,73.97500,,886.62700,-110.10690,3.00600,-107.10100,-1.79900,-105.30200,,-105.30200,,-105.30200,-60.78490,-110.10690,546.63900,546.63900,-0.19000,-0.19000,NVDA
2009-04-30,664.23100,474.53500,189.69600,301.79700,118.86400,,895.19600,-230.96500,6.14400,-224.82100,-23.48300,-201.33800,,-201.33800,,-201.33800,-180.30700,-230.96500,542.30700,542.30700,-0.37000,-0.37000,NVDA
2009-01-31,481.13990,339.47410,141.66580,211.77900,86.44000,,656.22320,-175.08330,4.70800,-170.37500,-22.71000,-147.66500,,-147.66500,,-147.66500,-127.02830,-175.08320,548.12600,548.12600,-0.26000,-0.24000,NVDA
2008-10-31,897.65500,529.81200,367.84300,212.36000,90.34900,,840.85900,56.79600,4.20700,61.00300,-0.74500,61.74800,,61.74800,,61.74800,106.10000,56.79600,543.80700,564.53600,0.11000,0.11000,NVDA
2008-07-31,892.67600,742.75900,149.91710,212.91000,92.39900,,1048.06800,-155.39200,8.79200,-146.60000,-25.67100,-120.92900,,-120.92900,,-120.92900,-109.08600,-155.39200,555.41700,555.41700,-0.22000,-0.22000,NVDA
2008-04-30,1153.38800,638.54500,514.84300,218.83000,93.03400,,950.40900,202.97890,10.03900,213.01800,36.21300,176.80500,,176.80500,,176.80500,244.33690,202.97890,555.67300,591.98900,0.32000,0.30000,NVDA
2008-01-31,1202.73000,653.13320,549.59660,195.83500,91.26300,,940.23130,262.49850,17.40300,279.90200,22.90900,256.99300,,256.99300,,256.99300,299.43450,262.49870,550.10800,606.73200,0.47000,0.42000,NVDA
2007-10-31,1115.59700,600.04400,515.55300,179.52900,88.18300,,867.75600,247.84110,18.95800,266.79900,31.13800,235.66100,,235.66100,,235.66100,280.87110,247.84110,554.96600,612.98500,0.42000,0.38000,NVDA
2007-07-31,935.25300,511.26100,423.99200,157.95200,81.28000,,750.49300,184.75990,16.09100,200.85100,28.11900,172.73200,,172.73200,,172.73200,216.65190,184.75990,547.30500,603.83000,0.32000,0.29000,NVDA
2007-04-30,844.28000,464.14200,380.13800,158.32100,80.57100,,703.03400,141.24600,12.54300,153.78900,21.53000,132.25900,,132.25900,,132.25900,172.58000,141.24600,541.24700,598.29900,0.24000,0.22000,NVDA
2007-01-31,878.87290,493.16700,385.70590,162.27600,84.91600,,740.35910,138.51380,13.04500,151.55900,-11.94700,163.50600,,163.50600,,163.50600,172.80580,138.51390,528.60600,587.25600,0.31000,0.27330,NVDA
2006-10-31,820.57200,486.63000,333.94200,140.73200,75.59700,,702.95900,117.61300,10.71400,128.32700,21.81600,106.51100,,106.51100,,106.51100,142.64400,117.61300,528.98600,586.73300,0.20000,0.18000,NVDA
2006-07-31,687.51900,395.39100,292.12800,127.25700,69.05500,,591.70300,95.81600,8.70600,104.52200,17.76900,86.75300,,86.75300,,86.75300,120.02400,95.81600,525.36600,578.38350,0.16670,0.14670,NVDA
2006-04-30,681.80700,393.13400,288.67300,123.20200,63.96200,,580.29800,101.50900,8.56300,110.07200,18.71200,91.36000,,91.36000,,92.06400,125.54000,101.50900,521.90550,584.14200,0.17330,0.16000,NVDA
2006-01-31,633.61400,379.10400,254.50990,95.26800,45.92500,,520.29710,113.31690,4.38600,117.70300,19.25100,98.45200,,98.45200,,98.45200,137.10490,113.31700,509.07000,548.55600,0.19000,0.17670,NVDA
2005-10-31,583.41500,355.42000,227.99500,88.82900,55.43600,-14.15800,513.84300,69.57200,6.14600,75.71800,11.27100,64.44700,,64.44700,,64.44700,94.09400,69.57200,510.38100,550.28550,0.12670,0.12000,NVDA
2005-07-31,574.81200,357.43700,217.37500,87.11300,52.66900,,497.21900,77.59300,5.21900,82.81200,8.97900,73.83300,,73.83300,,73.83300,102.36300,77.59300,506.82900,542.51100,0.14670,0.13330,NVDA
2005-04-30,583.84600,373.69300,210.15300,85.91300,48.05800,,507.66400,76.18200,4.37300,80.55500,16.11100,64.44400,,64.44400,,64.44400,101.07900,76.18200,505.94100,541.47600,0.12670,0.12000,NVDA
2005-01-31,566.47580,374.59200,191.88380,97.17000,55.97500,,527.73690,38.73890,2.85400,41.59300,5.32500,36.26800,,36.26800,,36.26800,69.82390,38.73900,498.18600,527.43600,0.07330,0.06670,NVDA
2021-03-31,19673.00000,8819.00000,10854.00000,3623.00000,1328.00000,,15979.00000,3694.00000,212.00000,3906.00000,545.00000,3361.00000,,3361.00000,,3361.00000,6596.00000,3694.00000,4056.00000,4096.00000,0.83000,0.82000,INTC
2020-12-31,19978.00000,8630.00000,11348.00000,3655.00000,1757.00000,,14094.00000,5884.00000,1604.00000,7488.00000,1631.00000,5857.00000,,5857.00000,,5857.00000,8887.00000,5884.00000,4199.00000,4232.00000,1.43000,1.42000,INTC
2020-09-30,18333.00000,8592.00000,9741.00000,3272.00000,1435.00000,,13274.00000,5059.00000,-18.00000,5041.00000,765.00000,4276.00000,,4276.00000,,4276.00000,8182.00000,5059.00000,4188.00000,4211.00000,1.02000,1.02000,INTC
2020-06-30,19728.00000,9221.00000,10507.00000,3354.00000,1447.00000,,14031.00000,5697.00000,238.00000,5935.00000,830.00000,5105.00000,,5105.00000,,5105.00000,8760.00000,5697.00000,4246.00000,4284.00000,1.20000,1.19000,INTC
2020-03-31,19828.00000,7812.00000,12016.00000,3275.00000,1541.00000,,12790.00000,7038.00000,-424.00000,6614.00000,953.00000,5661.00000,,5661.00000,,5661.00000,10088.00000,7038.00000,4266.00000,4312.00000,1.33000,1.31000,INTC
2019-12-31,20209.00000,8331.00000,11878.00000,3384.00000,1592.00000,,13412.00000,6797.00000,1271.00000,8068.00000,1163.00000,6905.00000,,6905.00000,,6905.00000,9765.00000,6797.00000,4417.00000,4473.00000,1.59000,1.57000,INTC
2019-09-30,19190.00000,7895.00000,11295.00000,3208.00000,1536.00000,,12743.00000,6447.00000,272.00000,6719.00000,729.00000,5990.00000,,5990.00000,,5990.00000,9126.00000,6447.00000,4391.00000,4433.00000,1.36000,1.35000,INTC
2019-06-30,16505.00000,6627.00000,9878.00000,3438.00000,1639.00000,,11888.00000,4617.00000,107.00000,4724.00000,545.00000,4179.00000,,4179.00000,,4179.00000,7171.00000,4617.00000,4466.00000,4523.00000,0.94000,0.92000,INTC
2019-03-31,16061.00000,6972.00000,9089.00000,3332.00000,1583.00000,,11887.00000,4174.00000,373.00000,4547.00000,573.00000,3974.00000,,3974.00000,,3974.00000,6799.00000,4174.00000,4492.00000,4564.00000,0.88000,0.87000,INTC
2018-12-31,18657.00000,7430.00000,11227.00000,3433.00000,1720.00000,,12433.00000,6224.00000,-589.00000,5635.00000,440.00000,5195.00000,,5195.00000,,5195.00000,8717.00000,6224.00000,4611.00000,4701.00000,1.14000,1.12000,INTC
2018-09-30,19163.00000,6803.00000,12360.00000,3428.00000,1605.00000,,11814.00000,7349.00000,-207.00000,7142.00000,744.00000,6398.00000,,6398.00000,,6398.00000,9623.00000,7349.00000,4574.00000,4648.00000,1.40000,1.38000,INTC
2018-06-30,16962.00000,6543.00000,10419.00000,3371.00000,1725.00000,,11689.00000,5273.00000,256.00000,5529.00000,523.00000,5006.00000,,5006.00000,,5006.00000,7395.00000,5273.00000,4649.00000,4747.00000,1.08000,1.05000,INTC
2018-03-31,16066.00000,6335.00000,9731.00000,3311.00000,1900.00000,,11596.00000,4470.00000,541.00000,5011.00000,557.00000,4454.00000,,4454.00000,,4454.00000,6666.00000,4470.00000,4674.00000,4790.00000,0.95000,0.93000,INTC
2017-12-31,17053.00000,6275.00000,10778.00000,3253.00000,1842.00000,,11618.00000,5435.00000,600.00000,6035.00000,6722.00000,-687.00000,,-687.00000,,-687.00000,7575.00000,5435.00000,4701.00000,4835.00000,-0.15000,-0.14000,INTC
2017-09-30,16149.00000,6085.00000,10064.00000,3209.00000,1661.00000,,11008.00000,5141.00000,789.00000,5930.00000,1414.00000,4516.00000,,4516.00000,,4516.00000,7196.00000,5141.00000,4688.00000,4821.00000,0.96000,0.94000,INTC
2017-06-30,14763.00000,5667.00000,9096.00000,3262.00000,1850.00000,,10921.00000,3842.00000,730.00000,4572.00000,1764.00000,2808.00000,,2808.00000,,2808.00000,5830.00000,3842.00000,4710.00000,4845.00000,0.60000,0.58000,INTC
2017-03-31,14796.00000,5636.00000,9160.00000,3311.00000,2099.00000,,11164.00000,3632.00000,183.00000,3815.00000,851.00000,2964.00000,,2964.00000,,2964.00000,5578.00000,3632.00000,4723.00000,4881.00000,0.63000,0.61000,INTC
2016-12-31,16374.00000,6227.00000,10147.00000,3225.00000,2138.00000,,11589.00000,4785.00000,-345.00000,4440.00000,878.00000,3562.00000,,3562.00000,,3562.00000,6715.00000,4785.00000,4730.00000,4875.00000,0.76000,0.74000,INTC
2016-09-30,15778.00000,5795.00000,9983.00000,3069.00000,2006.00000,,11316.00000,4462.00000,-144.00000,4318.00000,940.00000,3378.00000,,3378.00000,,3378.00000,6390.00000,4462.00000,4734.00000,4877.00000,0.71000,0.69000,INTC
2016-06-30,13533.00000,5560.00000,7973.00000,3145.00000,2007.00000,,12215.00000,1318.00000,352.00000,1670.00000,340.00000,1330.00000,,1330.00000,,1330.00000,3235.00000,1318.00000,4729.00000,4866.00000,0.28000,0.27000,INTC
2016-03-31,13702.00000,5572.00000,8130.00000,3246.00000,2226.00000,,11134.00000,2568.00000,-60.00000,2508.00000,462.00000,2046.00000,,2046.00000,,2046.00000,4583.00000,2568.00000,4722.00000,4875.00000,0.43000,0.42000,INTC
2015-12-31,14914.00000,5324.00000,9590.00000,3119.00000,2118.00000,,10615.00000,4299.00000,4.00000,4303.00000,690.00000,3613.00000,,3613.00000,,3613.00000,6445.00000,4299.00000,4742.00000,4894.00000,0.77000,0.73000,INTC
2015-09-30,14465.00000,5354.00000,9111.00000,2927.00000,1910.00000,,10273.00000,4192.00000,61.00000,4253.00000,1144.00000,3109.00000,,3109.00000,,3109.00000,6467.00000,4192.00000,4747.00000,4876.00000,0.65000,0.64000,INTC
2015-06-30,13195.00000,4947.00000,8248.00000,3087.00000,1949.00000,,10299.00000,2896.00000,87.00000,2983.00000,277.00000,2706.00000,,2706.00000,,2706.00000,5087.00000,2896.00000,4759.00000,4909.00000,0.57000,0.55000,INTC
2015-03-31,12781.00000,5051.00000,7730.00000,2995.00000,1953.00000,,10166.00000,2615.00000,58.00000,2673.00000,681.00000,1992.00000,,1992.00000,,1992.00000,4714.00000,2615.00000,4741.00000,4914.00000,0.42000,0.41000,INTC
2014-12-31,14721.00000,5100.00000,9621.00000,2990.00000,2049.00000,,10268.00000,4453.00000,206.00000,4659.00000,998.00000,3661.00000,,3661.00000,,3661.00000,6627.00000,4453.00000,4901.00000,5056.00000,0.76000,0.72000,INTC
2014-09-30,14554.00000,5096.00000,9458.00000,2842.00000,1979.00000,,10014.00000,4540.00000,10.00000,4550.00000,1233.00000,3317.00000,,3317.00000,,3317.00000,6738.00000,4540.00000,4880.00000,5045.00000,0.68000,0.66000,INTC
2014-06-30,13831.00000,4914.00000,8917.00000,2859.00000,2061.00000,,9987.00000,3844.00000,78.00000,3922.00000,1126.00000,2796.00000,,2796.00000,,2796.00000,6014.00000,3844.00000,4981.00000,5123.00000,0.56000,0.55000,INTC
2014-03-31,12764.00000,5151.00000,7613.00000,2846.00000,2047.00000,,10254.00000,2510.00000,160.00000,2670.00000,740.00000,1930.00000,,1930.00000,,1930.00000,4517.00000,2510.00000,4974.00000,5117.00000,0.39000,0.38000,INTC
2013-12-31,13834.00000,5263.00000,8571.00000,2826.00000,2006.00000,,10285.00000,3549.00000,2.00000,3551.00000,926.00000,2625.00000,,2625.00000,,2625.00000,5505.00000,3549.00000,4970.00000,5097.00000,0.54000,0.52000,INTC
2013-09-30,13483.00000,5069.00000,8414.00000,2742.00000,1970.00000,,9979.00000,3504.00000,420.00000,3924.00000,974.00000,2950.00000,,2950.00000,,2950.00000,5525.00000,3504.00000,4981.00000,5100.00000,0.59000,0.58000,INTC
2013-06-30,12811.00000,5341.00000,7470.00000,2516.00000,2165.00000,,10092.00000,2719.00000,-26.00000,2693.00000,693.00000,2000.00000,,2000.00000,,2000.00000,4710.00000,2719.00000,4978.00000,5106.00000,0.40000,0.39000,INTC
2013-03-31,12580.00000,5514.00000,7066.00000,2527.00000,1947.00000,,10061.00000,2519.00000,-76.00000,2443.00000,398.00000,2045.00000,,2045.00000,,2045.00000,4583.00000,2519.00000,4948.00000,5080.00000,0.41000,0.40000,INTC
2012-12-31,13477.00000,5660.00000,7817.00000,2629.00000,1958.00000,,10322.00000,3155.00000,49.00000,3204.00000,736.00000,2468.00000,,2468.00000,,2468.00000,5160.00000,3155.00000,4996.00000,5160.00000,0.50000,0.48000,INTC
2012-09-30,13457.00000,4942.00000,8515.00000,2605.00000,1995.00000,,9616.00000,3841.00000,80.00000,3921.00000,949.00000,2972.00000,,2972.00000,,2972.00000,5734.00000,3841.00000,4996.00000,5153.00000,0.59000,0.58000,INTC
2012-06-30,13501.00000,4947.00000,8554.00000,2513.00000,2131.00000,,9669.00000,3832.00000,102.00000,3934.00000,1107.00000,2827.00000,,2827.00000,,2827.00000,5671.00000,3832.00000,5022.00000,5199.00000,0.56000,0.54000,INTC
2012-03-31,12906.00000,4641.00000,8265.00000,2401.00000,1973.00000,,9096.00000,3810.00000,4.00000,3814.00000,1076.00000,2738.00000,,2738.00000,,2738.00000,5595.00000,3810.00000,4999.00000,5192.00000,0.55000,0.53000,INTC
2011-12-31,13887.00000,4935.00000,8952.00000,2308.00000,1973.00000,,9288.00000,4599.00000,-12.00000,4587.00000,1227.00000,3360.00000,,3360.00000,,3360.00000,6188.00000,4599.00000,5256.00000,5411.00000,0.65000,0.64000,INTC
2011-09-30,14233.00000,5215.00000,9018.00000,2140.00000,2017.00000,,9448.00000,4785.00000,107.00000,4892.00000,1424.00000,3468.00000,,3468.00000,,3468.00000,6314.00000,4785.00000,5194.00000,5340.00000,0.67000,0.65000,INTC
2011-06-30,13032.00000,5130.00000,7902.00000,1986.00000,1905.00000,,9097.00000,3935.00000,-4.00000,3931.00000,977.00000,2954.00000,,2954.00000,,2954.00000,5439.00000,3935.00000,5294.00000,5441.00000,0.56000,0.54000,INTC
2011-03-31,12847.00000,4962.00000,7885.00000,1916.00000,1775.00000,,8689.00000,4158.00000,213.00000,4371.00000,1211.00000,3160.00000,,3160.00000,,3160.00000,5600.00000,4158.00000,5452.00000,5606.00000,0.58000,0.56000,INTC
2010-12-31,11457.00000,4051.00000,7406.00000,1671.00000,1705.00000,,7434.00000,4023.00000,140.00000,4163.00000,983.00000,3180.00000,,3180.00000,,3180.00000,5229.00000,4023.00000,5555.00000,5696.00000,0.57000,0.55000,INTC
2010-09-30,11102.00000,3781.00000,7321.00000,1675.00000,1506.00000,,6966.00000,4136.00000,115.00000,4251.00000,1296.00000,2955.00000,,2955.00000,,2955.00000,5278.00000,4136.00000,5575.00000,5694.00000,0.53000,0.52000,INTC
2010-06-30,10765.00000,3530.00000,7235.00000,1666.00000,1584.00000,,6784.00000,3981.00000,204.00000,4185.00000,1298.00000,2887.00000,,2887.00000,,2887.00000,5130.00000,3981.00000,5563.00000,5711.00000,0.52000,0.51000,INTC
2010-03-31,10299.00000,3770.00000,6529.00000,1564.00000,1514.00000,,6851.00000,3448.00000,-2.00000,3446.00000,1004.00000,2442.00000,,2442.00000,,2442.00000,4589.00000,3448.00000,5529.00000,5681.00000,0.44000,0.43000,INTC
2009-12-31,10569.00000,3729.00000,6840.00000,1603.00000,2718.00000,,8072.00000,2497.00000,96.00000,2593.00000,311.00000,2282.00000,,2282.00000,,2282.00000,3758.00000,2497.00000,5557.00000,5645.00000,0.41000,0.40000,INTC
2009-09-30,9389.00000,3985.00000,5404.00000,1430.00000,1320.00000,,6810.00000,2579.00000,-47.00000,2532.00000,676.00000,1856.00000,,1856.00000,,1856.00000,3814.00000,2579.00000,5537.00000,5616.00000,0.34000,0.33000,INTC
2009-06-30,8024.00000,3945.00000,4079.00000,1303.00000,2695.00000,,8036.00000,-12.00000,-38.00000,-50.00000,348.00000,-398.00000,,-398.00000,,-398.00000,1274.00000,-12.00000,5595.00000,5595.00000,-0.07000,-0.07000,INTC
2009-03-31,7145.00000,3907.00000,3238.00000,1317.00000,1198.00000,,6498.00000,647.00000,-18.00000,629.00000,,629.00000,,629.00000,,629.00000,1917.00000,647.00000,5573.00000,5634.00000,0.11000,0.11000,INTC
2008-12-31,8226.00000,3857.00000,4369.00000,1316.00000,1258.00000,,6687.00000,1539.00000,-1170.00000,369.00000,135.00000,234.00000,,234.00000,,234.00000,2758.00000,1539.00000,5663.00000,5748.00000,0.04000,0.04000,INTC
2008-09-30,10217.00000,4198.00000,6019.00000,1471.00000,1415.00000,,7119.00000,3098.00000,-265.00000,2833.00000,819.00000,2014.00000,,2014.00000,,2014.00000,4225.00000,3098.00000,5603.00000,5692.00000,0.36000,0.35000,INTC
2008-06-30,9470.00000,4221.00000,5249.00000,1468.00000,1430.00000,,7215.00000,2255.00000,58.00000,2313.00000,712.00000,1601.00000,,1601.00000,,1601.00000,3360.00000,2255.00000,5699.00000,5800.00000,0.28000,0.28000,INTC
2008-03-31,9673.00000,4466.00000,5207.00000,1467.00000,1349.00000,,7611.00000,2062.00000,109.00000,2171.00000,728.00000,1443.00000,,1443.00000,,1443.00000,3227.00000,2062.00000,5787.00000,5879.00000,0.25000,0.25000,INTC
2007-12-31,10712.00000,4486.00000,6226.00000,1481.00000,1448.00000,,7665.00000,3047.00000,214.00000,3261.00000,990.00000,2271.00000,,2271.00000,,2271.00000,4218.00000,3047.00000,5816.00000,5936.00000,0.39000,0.38000,INTC
2007-09-30,10090.00000,4919.00000,5171.00000,1521.00000,1381.00000,,7946.00000,2144.00000,359.00000,2503.00000,712.00000,1791.00000,,1791.00000,,1791.00000,3307.00000,2144.00000,5837.00000,5967.00000,0.31000,0.30000,INTC
2007-06-30,8680.00000,4605.00000,4075.00000,1353.00000,1290.00000,,7330.00000,1350.00000,179.00000,1529.00000,251.00000,1278.00000,,1278.00000,,1278.00000,2563.00000,1350.00000,5809.00000,5917.00000,0.22000,0.22000,INTC
2007-03-31,8852.00000,4420.00000,4432.00000,1400.00000,1282.00000,,7177.00000,1675.00000,198.00000,1873.00000,237.00000,1636.00000,,1636.00000,,1636.00000,2926.00000,1675.00000,5777.00000,5874.00000,0.28000,0.28000,INTC
2006-12-31,9694.00000,4884.00000,4810.00000,1426.00000,1476.00000,,8206.00000,1488.00000,639.00000,2127.00000,626.00000,1501.00000,,1501.00000,,1501.00000,2715.00000,1488.00000,5797.00000,5880.00000,0.26000,0.26000,INTC
2006-09-30,8739.00000,4445.00000,4294.00000,1389.00000,1425.00000,,7365.00000,1374.00000,440.00000,1814.00000,513.00000,1301.00000,,1301.00000,,1301.00000,2630.00000,1374.00000,5769.00000,5832.00000,0.23000,0.22000,INTC
2006-06-30,8009.00000,3838.00000,4171.00000,1496.00000,1593.00000,,6937.00000,1072.00000,181.00000,1253.00000,368.00000,885.00000,,885.00000,,885.00000,2287.00000,1072.00000,5801.00000,5868.00000,0.15000,0.15000,INTC
2006-03-31,8940.00000,3997.00000,4943.00000,1562.00000,1644.00000,,7222.00000,1718.00000,156.00000,1874.00000,517.00000,1357.00000,,1357.00000,,1357.00000,2932.00000,1718.00000,5854.00000,5954.00000,0.23000,0.23000,INTC
2005-12-31,10201.00000,3901.00000,6300.00000,1362.00000,1606.00000,,6892.00000,3309.00000,153.00000,3462.00000,1009.00000,2453.00000,,2453.00000,,2453.00000,4417.00000,3309.00000,6106.00000,6178.00000,0.41000,0.40000,INTC
2005-09-30,9960.00000,4012.00000,5948.00000,1341.00000,1478.00000,,6860.00000,3100.00000,143.00000,3243.00000,1248.00000,1995.00000,,1995.00000,,1995.00000,4214.00000,3100.00000,6062.00000,6144.00000,0.33000,0.32000,INTC
2005-06-30,9231.00000,4028.00000,5203.00000,1176.00000,1342.00000,,6582.00000,2649.00000,105.00000,2754.00000,716.00000,2038.00000,,2038.00000,,2038.00000,3766.00000,2649.00000,6144.00000,6215.00000,0.33000,0.33000,INTC
2005-03-31,9434.00000,3836.00000,5598.00000,1266.00000,1262.00000,,6402.00000,3032.00000,119.00000,3151.00000,973.00000,2178.00000,,2178.00000,,2178.00000,4288.00000,3032.00000,6211.00000,6273.00000,0.35000,0.35000,INTC
